<?xml version="1.0" encoding="UTF-8"?><record xmlns="http://www.loc.gov/MARC21/slim" xmlns:cinclude="http://apache.org/cocoon/include/1.0" xmlns:zs="http://www.loc.gov/zing/srw/">
  <leader>00673cz  a2200181n  4500</leader>
  <controlfield tag="001">n  84009291 </controlfield>
  <controlfield tag="003">DLC</controlfield>
  <controlfield tag="005">20081126075704.0</controlfield>
  <controlfield tag="008">840410n| acannaabn          |a ana      </controlfield>
  <datafield tag="010" ind1=" " ind2=" ">
    <subfield code="a">n  84009291 </subfield>
  </datafield>
  <datafield tag="035" ind1=" " ind2=" ">
    <subfield code="a">(OCoLC)oca01103552</subfield>
  </datafield>
  <datafield tag="040" ind1=" " ind2=" ">
    <subfield code="a">DLC</subfield>
    <subfield code="b">eng</subfield>
    <subfield code="c">DLC</subfield>
    <subfield code="d">OCoLC</subfield>
  </datafield>
  <datafield tag="110" ind1="1" ind2=" ">
    <subfield code="a">Brazil.</subfield>
    <subfield code="b">Secretaria Especial da Região Sudeste</subfield>
  </datafield>
  <datafield tag="410" ind1="1" ind2=" ">
    <subfield code="a">Brazil.</subfield>
    <subfield code="b">Ministério do Interior.</subfield>
    <subfield code="b">Secretaria Geral.</subfield>
    <subfield code="b">Secretaria Especial da Região Sudeste</subfield>
  </datafield>
  <datafield tag="410" ind1="2" ind2=" ">
    <subfield code="a">SERSE</subfield>
  </datafield>
  <datafield tag="410" ind1="2" ind2=" ">
    <subfield code="a">S.E.R.S.E.</subfield>
  </datafield>
  <datafield tag="410" ind1="1" ind2=" ">
    <subfield code="a">Brazil.</subfield>
    <subfield code="b">Região Sudeste, Secretaria Especial da</subfield>
  </datafield>
  <datafield tag="670" ind1=" " ind2=" ">
    <subfield code="a">Its SERSE, 1983:</subfield>
    <subfield code="b">t.p. (Ministério do Interior, Secretaria Geral, Secretaria Especial da Região Sudeste; SERSE)</subfield>
  </datafield>
</record>